<?xml version="1.0" encoding="UTF-8"?><collection xmlns="http://www.loc.gov/MARC21/slim"><record><leader>00362nam--2200133-i-4500</leader><controlfield tag="001">000017749</controlfield><controlfield tag="002">20161230</controlfield><controlfield tag="005">20161230201032</controlfield><controlfield tag="008">060222s1000------------r-----000-0-eng-d</controlfield><datafield ind1=" " ind2=" " tag="080"><subfield code="a">577.3:539.12.04:61</subfield></datafield><datafield ind1=" " ind2=" " tag="245"><subfield code="a">Advances in biological and medical physics</subfield></datafield><datafield ind1=" " ind2=" " tag="260"><subfield code="a">New York, Academic Press, 1965</subfield></datafield><datafield ind1=" " ind2=" " tag="700"><subfield code="a">John H.Lawrence And John W.Gofman</subfield></datafield><datafield ind1=" " ind2=" " tag="852"><subfield code="a">27332</subfield></datafield></record></collection>